<?xml version="1.0" encoding="UTF-8"?><collection xmlns="http://www.loc.gov/MARC21/slim"><record><leader>00539nam--2200157-i-4500</leader><controlfield tag="001">000045561</controlfield><controlfield tag="002">20161230</controlfield><controlfield tag="005">20161230201045</controlfield><controlfield tag="008">060222s1000------------r-----000-0-eng-d</controlfield><datafield ind1=" " ind2=" " tag="080"><subfield code="a">539.12.162.7(043)</subfield></datafield><datafield ind1="1" ind2="T" tag="100"><subfield code="a">Treves,Francois</subfield></datafield><datafield ind1="1" ind2="0" tag="245"><subfield code="a">Etude de l`eletrodesintegration du deuterium 2h(e,ep)n dans un large domiane d`inelasticite et pour des impulsions de recul du neutron allant de 0 a 500 mev/c. these</subfield></datafield><datafield ind1=" " ind2=" " tag="260"><subfield code="a">Orsay, Univ.De Paris-sud, 1985, 172p</subfield></datafield><datafield ind1=" " ind2=" " tag="490"><subfield code="v">vol.2</subfield></datafield><datafield ind1=" " ind2=" " tag="852"><subfield code="a">74050</subfield><subfield code="c">517.9</subfield></datafield><datafield ind1=" " ind2=" " tag="CAT"><subfield code="a">Sys</subfield><subfield code="c">20090324</subfield><subfield code="h">085711</subfield></datafield></record></collection>